<record><leader>00000cas a22000007a 4500</leader><controlfield tag="001">12083722</controlfield><controlfield tag="008">850525d18951919wiuwr ne      0    0eng d</controlfield><datafield ind1=" " ind2=" " tag="010"><subfield code="a">sn 85040635 </subfield></datafield><datafield ind1=" " ind2=" " tag="040"><subfield code="a">NPV</subfield><subfield code="b">eng</subfield><subfield code="c">NPV</subfield><subfield code="d">OCLCQ</subfield></datafield><datafield ind1=" " ind2=" " tag="042"><subfield code="a">msc</subfield></datafield><datafield ind1=" " ind2=" " tag="045"><subfield code="a">w9x1</subfield></datafield><datafield ind1=" " ind2=" " tag="052"><subfield code="a">4123</subfield><subfield code="b">B7</subfield></datafield><datafield ind1="0" ind2="0" tag="245"><subfield code="a">Green Bay review.</subfield></datafield><datafield ind1=" " ind2=" " tag="260"><subfield code="a">Green Bay, Brown County, Wis. :</subfield><subfield code="b">James Kerr &amp; Son</subfield></datafield><datafield ind1=" " ind2=" " tag="300"><subfield code="a">v. :</subfield><subfield code="b">ill.</subfield></datafield><datafield ind1=" " ind2=" " tag="310"><subfield code="a">Weekly</subfield></datafield><datafield ind1="1" ind2=" " tag="362"><subfield code="a">Began in June 1895; ceased with Jan. 25, 1919 issue.</subfield><subfield code="z">Cf. Oehlerts, d. E. Guide to Wis. newspapers.</subfield></datafield><datafield ind1=" " ind2=" " tag="500"><subfield code="a">Title varies slightly.</subfield></datafield><datafield ind1=" " ind2=" " tag="530"><subfield code="a">Available on microfilm from The State Historical Society of Wisconsin.</subfield></datafield><datafield ind1=" " ind2=" " tag="580"><subfield code="a">Continues: Fort Howard review. Cf. Oehlerts, D.E.</subfield></datafield><datafield ind1=" " ind2=" " tag="588"><subfield code="a">Description based on: Vol. 22, no. 1 (Jan. 4, 1896).</subfield></datafield><datafield ind1=" " ind2=" " tag="752"><subfield code="a">United States</subfield><subfield code="b">Wisconsin</subfield><subfield code="c">Brown</subfield><subfield code="d">Green Bay.</subfield></datafield><datafield ind1="1" ind2="0" tag="780"><subfield code="t">Fort Howard review</subfield><subfield code="w">(DLC)sn 85040634</subfield></datafield><datafield ind1="1" ind2=" " tag="029"><subfield code="a">AU@</subfield><subfield code="b">000025803017</subfield></datafield></record>